@inproceedings{kizilcec2013deconstructing,
  title={Deconstructing disengagement: Analyzing learner subpopulations in massive open online courses},
  author={Kizilcec, Ren{\'e} F and Piech, Chris and Schneider, Emily},
  booktitle={Proceedings of the third international conference on learning analytics and knowledge},
  pages={170--179},
  year={2013},
  organization={ACM}
}
@article{kizilcec2015motivation,
  title={Motivation as a Lens for Understanding Online Learners: Towards Data-Driven Design with the OLEI Scale},
  author={Kizilcec, Ren{\'e} F and Schneider, Emily},
  journal={ACM Transactions on Computer-Human Interaction (TOCHI)},
  volume={},
  number={},
  pages={24},
  year={in press},
  publisher={ACM}
}
@article{kulkarni2013peer,
  title={Peer and self assessment in massive online classes},
  author={Kulkarni, Chinmay and Wei, Koh Pang and Le, Huy and Chia, Daniel and Papadopoulos, Kathryn and Cheng, Justin and Koller, Daphne and Klemmer, Scott R},
  journal={ACM Transactions on Computer-Human Interaction (TOCHI)},
  volume={20},
  number={6},
  pages={33},
  year={2013},
  publisher={ACM}
}
@inproceedings{cambre2014talkabout,
  title={Talkabout: small-group discussions in massive global classes},
  author={Cambre, Julia and Kulkarni, Chinmay and Bernstein, Michael S and Klemmer, Scott R},
  booktitle={Proceedings of the first ACM conference on Learning@ scale conference},
  pages={161--162},
  year={2014},
  organization={ACM}
}
@inproceedings{clow2013moocs,
  title={MOOCs and the funnel of participation},
  author={Clow, Doug},
  booktitle={Proceedings of the Third International Conference on Learning Analytics and Knowledge},
  pages={185--189},
  year={2013},
  organization={ACM}
}
@article{waldrop2013campus,
  title={Online Learning: Campus 2.0},
  author={Waldrop, M},
  journal={Nature},
  volume={495},
  number={7440},
  pages={160--163},
  year={2013},
  publisher={Nature Publishing Group}
}
@inproceedings{anderson2014engaging,
  title={Engaging with massive online courses},
  author={Anderson, Ashton and Huttenlocher, Daniel and Kleinberg, Jon and Leskovec, Jure},
  booktitle={Proceedings of the 23rd international conference on World wide web},
  pages={687--698},
  year={2014},
  organization={International World Wide Web Conferences Steering Committee}
}
@article{breslow2013studying,
  title={Studying learning in the worldwide classroom: Research into edX’s first MOOC},
  author={Breslow, Lori and Pritchard, David E and DeBoer, Jennifer and Stump, Glenda S and Ho, Andrew D and Seaton, DT},
  journal={Research \& Practice in Assessment},
  volume={8},
  pages={13--25},
  year={2013}
}
@article{rivard2013measuring,
  title={Measuring the MOOC dropout rate},
  author={Rivard, Ry},
  journal={Inside Higher Ed},
  volume={8},
  year={2013}
}
@inproceedings{wilkowski2014student,
  title={Student skill and goal achievement in the mapping with google MOOC},
  author={Wilkowski, Julia and Deutsch, Amit and Russell, Daniel M},
  booktitle={Proceedings of the first ACM conference on Learning@ scale conference},
  pages={3--10},
  year={2014},
  organization={ACM}
}
@article{tyack1994grammar,
  title={The ``grammar'' of schooling: Why has it been so hard to change?},
  author={Tyack, David and Tobin, William},
  journal={American Educational Research Journal},
  volume={31},
  number={3},
  pages={453--479},
  year={1994},
  publisher={Sage Publications}
}
@article{goldrick2010challenges,
  title={Challenges and opportunities for improving community college student success},
  author={Goldrick-Rab, Sara},
  journal={Review of Educational Research},
  volume={80},
  number={3},
  pages={437--469},
  year={2010},
  publisher={Sage Publications}
}
@article{moore2012distance,
  title={Distance education: A systems view},
  author={Moore, Michael G and Kearsley, Greg},
  journal={An International Thompson Publishing Company, London},
  year={1996},
  publisher={}
}
@book{moore1996distance,
  title={Distance education: A systems view},
  author={Moore, M. G. and Kearsley, G.},
  year={1966},
  city={Belmont, CA},
  publisher={Wadsworth Publishing Company}
}

@article{guthrie2013moocs,
  title={MOOCs are Toast or at Least Should Be},
  author={Guthrie, Doug},
  journal={Forbes},
  year={2013, July}
}
@article{parr2013mooc,
  title={Mooc completion rates `below 7\%'},
  author={Parr, Chris},
  journal={Times Higher Education},
  year={2013, May}
}
@article{lewin2013after,
  title={After Setbacks, Online Courses Are Rethought},
  author={Lewin, Tamar},
  journal={New York Times},
  year={2013, December}
}
@article{walton2007question,
  title={A question of belonging: race, social fit, and achievement.},
  author={Walton, Gregory M and Cohen, Geoffrey L},
  journal={Journal of personality and social psychology},
  volume={92},
  number={1},
  pages={82},
  year={2007},
  publisher={American Psychological Association}
}


@book{fishbein1975belief,
  title={Belief, attitude, intention and behavior: An introduction to theory and research},
  author={Fishbein, Martin and Ajzen, Icek},
  year={1975},
  city={Reading, MA},
  publisher={Addison-Wesley Publishing Company}
}
@article{corno1993role,
  title={The role of volition in learning and performance},
  author={Corno, Lyn and Kanfer, Ruth},
  journal={Review of research in education},
  pages={301--341},
  year={1993},
  publisher={JSTOR}
}
@article{tinto1975dropout,
  title={Dropout from higher education: A theoretical synthesis of recent research},
  author={Tinto, Vincent},
  journal={Review of Educational Research},
  pages={89--125},
  year={1975},
  publisher={JSTOR}
}
@article{walton2011brief,
  title={A brief social-belonging intervention improves academic and health outcomes of minority students},
  author={Walton, Gregory M and Cohen, Geoffrey L},
  journal={Science},
  volume={331},
  number={6023},
  pages={1447--1451},
  year={2011},
  publisher={American Association for the Advancement of Science}
}
@article{bean1985conceptual,
  title={A conceptual model of nontraditional undergraduate student attrition},
  author={Bean, John P and Metzner, Barbara S},
  journal={Review of Educational Research},
  volume={55},
  number={4},
  pages={485--540},
  year={1985},
  publisher={Sage Publications}
}
@article{rovai2003search,
  title={In search of higher persistence rates in distance education online programs},
  author={Rovai, Alfred P},
  journal={The Internet and Higher Education},
  volume={6},
  number={1},
  pages={1--16},
  year={2003},
  publisher={Elsevier}
}
@article{kember1989longitudinal,
  title={A longitudinal-process model of drop-out from distance education},
  author={Kember, David},
  journal={The Journal of Higher Education},
  pages={278--301},
  year={1989},
  publisher={JSTOR}
}
@article{bers1991persistence,
  title={Persistence of community college students: The influence of student intent and academic and social integration},
  author={Bers, Trudy H and Smith, Kerry E},
  journal={Research in Higher Education},
  volume={32},
  number={5},
  pages={539--556},
  year={1991},
  publisher={Springer}
}
@article{muilenburg2005student,
  title={Student barriers to online learning: A factor analytic study},
  author={Muilenburg, Lin Y and Berge, Zane L},
  journal={Distance Education},
  volume={26},
  number={1},
  pages={29--48},
  year={2005},
  publisher={Taylor \& Francis}
}
@article{morris2005tracking,
  title={Tracking student behavior, persistence, and achievement in online courses},
  author={Morris, Libby V and Finnegan, Catherine and Wu, Sz-Shyan},
  journal={The Internet and Higher Education},
  volume={8},
  number={3},
  pages={221--231},
  year={2005},
  publisher={Elsevier}
}
@incollection{gutl2014attrition,
  title={Attrition in MOOC: Lessons Learned from Drop-Out Students},
  author={G{\"u}tl, Christian and Rizzardini, Rocael Hern{\'a}ndez and Chang, Vanessa and Morales, Miguel},
  booktitle={Learning Technology for Education in Cloud. MOOC and Big Data},
  pages={37--48},
  year={2014},
  publisher={Springer}
}
@inproceedings{khalil2014moocs,
  title={MOOCs Completion Rates and Possible Methods to Improve Retention-A Literature Review},
  author={Khalil, Hanan and Ebner, Martin},
  booktitle={World Conference on Educational Multimedia, Hypermedia and Telecommunications},
  volume={2014},
  number={1},
  pages={1305--1313},
  year={2014}
}
@inproceedings{rose2014social,
  title={Social factors that contribute to attrition in moocs},
  author={Ros{\'e}, Carolyn Penstein and Carlson, Ryan and Yang, Diyi and Wen, Miaomiao and Resnick, Lauren and Goldman, Pam and Sherer, Jennifer},
  booktitle={Proceedings of the first ACM conference on Learning@ scale conference},
  pages={197--198},
  year={2014},
  organization={ACM}
}
@misc{balakrishnan2013predicting,
  title={Predicting student retention in massive open online courses using hidden markov models},
  author={Balakrishnan, Girish and Coetzee, Derrick},
  year={2013},
  publisher={Master’s thesis, EECS Department, University of California, Berkeley}
}